@Misc{TheLogoCreative2021,
author = {The Logo Creative},
title = {15 Typography design trends for 2021},
howpublished = {[online]},
year = {rev. 27. leden 2021},
note = {[vid. 6. duben 2021]},
url = {https://www.thelogocreative.co.uk/15-typography-design-trends-for-2021/}
}


@Misc{BestLatexEditors,
author = {Srikanth AN},
title = {10 Best LaTeX Editors You Should Use},
howpublished = {[online]},
year = {rev. 17. prosinec 2020},
note = {[vid. 7. duben 2021]},
url = {https://beebom.com/best-latex-editors/}
}


@Misc{JiriKosek,
author = {Jiří Kosek},
title = {Co je TeX},
howpublished = {[online]},
year = {rev.1999},
note = {[vid. 7. duben 2021]},
url = {https://www.kosek.cz/clanky/cw/cojetex.html}
}


@MastersThesis{MartinaVichova,
author = {Martina VÍCHOVÁ},
title = {Úzus, norma, kodifikace v české knižní typografii a sazbě},
school = {Univerzita Palackého v Olomouci, Filozofická fakulta},
year = {2016},
type = {Bakalářská práce},
}


@MastersThesis{PavelBOJKO,
author = {Pavel BOJKO},
title = {Problematika sazby odborného textu v prostředí LaTeX},
school = {Jihočeská univerzita v Českých Budějovicích, Přírodovědecká fakulta},
year = {2011},
type = {Bakalářská práce},
}


@Inbook{HaleyAllan,
author = {Haley. ALLAN},
title = {Typography, Referenced},
publisher = {Rockport Publishers},
address = {Beverly},
year = {2012},
ISBN = {978-1-59253-702-0},
}


@Inbook{PetrOlsak,
author = {Petr Olšák},
title = {Typografický systém {\TeX}},
publisher = {KONVOJ spol. s.r.o.},
address = {Brno},
volume = {2},
year = {2000},
ISBN = {80-85615-91-6},
}


@Article{JanRajlich,
author = "Jan Rajlich",
title = "Zpravodaj 98",
journal = "Zpravodaj Československého sdružení uživatelů {{\TeX}}u",
year = "1998",
volume = "3-4",
pages = "134-135",
issn ="1211-6661",
}


@Article{Vesely,
author = "Veselý J",
title = "Malá exkurze do tajů typografie",
journal = "Zpravodaj Československého sdružení uživatelů {{\TeX}}u",
year = "1993",
volume = "2",
pages = "57-66",
issn ="1211-6661",
}


@inproceedings{conferenc,
pages = {1-5},
volume = {7},
publisher = {IEEE},
booktitle = {2019 7th International Conference on Smart Computing \& Communications (ICSCC)},
isbn = {978-1-7281-1557-3},
year = {2019},
title = {Content MathML(CMML) conversion using LATEX Math Grammar (LMG)},
author = {HUSSAIN, Samita BAI, Shakeel KHOJA},
}
